<?xml version="1.0" encoding="UTF-8"?><collection xmlns="http://www.loc.gov/MARC21/slim"><record><leader>00415nam--2200133-i-4500</leader><controlfield tag="001">000011521</controlfield><controlfield tag="002">20161230</controlfield><controlfield tag="005">20161230201029</controlfield><controlfield tag="008">060222s1000------------r-----000-0-eng-d</controlfield><datafield ind1=" " ind2=" " tag="080"><subfield code="a">541.L(083):539.143.43.O8:547(083)</subfield></datafield><datafield ind1=" " ind2=" " tag="100"><subfield code="a">Chamberlain.Nugent F</subfield></datafield><datafield ind1=" " ind2=" " tag="245"><subfield code="a">The practice of nmr spectroscopy with spectra structure correlations for hydrogen-l</subfield></datafield><datafield ind1=" " ind2=" " tag="260"><subfield code="a">New York,Plenum Press,1974. Xxiv + 424 P</subfield></datafield><datafield ind1=" " ind2=" " tag="852"><subfield code="a">42733</subfield></datafield></record></collection>